@misc{openspace,
   title = {ITU-R P.525-4. Calculation of free-space attenuation.},
   author = {International Telecommunication Union.},
   month = {08},
   year = {2019},
   howpublished  = {[Online].Available:\url{https://www.itu.int/dms_pubrec/itu-r/rec/p/R-REC-P.525-4-201908-I!!PDF-E.pdf}}
}

@misc{rain,
   title = {ITU-R P.838-3. Specific attenuation model for rain for use in prediction methods.},
   author = {International Telecommunication Union.},
   month = {03},
   year = {2005},
   howpublished  = {[Online].Available:\url{https://www.itu.int/dms_pubrec/itu-r/rec/p/R-REC-P.838-3-200503-I!!PDF-E.pdf}}
}

@misc{oxygen,
   title = {ITU-R P.676. Attenuation by atmospheric gases and related effects.},
   author = {International Telecommunication Union.},
   month = {08},
   year = {2022},
   howpublished  = {[Online].Available:\url{https://www.itu.int/dms_pubrec/itu-r/rec/p/R-REC-P.676-13-202208-I!!PDF-E.pdf}}
}

@misc{metrohopper,
   title = {Nokia MetroHopper Radio Product Description.},
   author = {Nokia Network Oy.},
   note = {C33512.09}
   }